<?xml version="1.0" encoding="UTF-8"?><collection xmlns="http://www.loc.gov/MARC21/slim"><record><leader>00530nam--2200157-i-4500</leader><controlfield tag="001">000010805</controlfield><controlfield tag="002">20161230</controlfield><controlfield tag="005">20170118233329</controlfield><controlfield tag="008">060222s1000------------r-----000-0-eng-d</controlfield><datafield ind1=" " ind2=" " tag="100"><subfield code="a">Kapoor, S. F</subfield></datafield><datafield ind1=" " ind2=" " tag="245"><subfield code="a">The many facets of graph theory. Proceedings of the Conference held at Western Michigan University, Kalamazoo,/MI., October 31 November 2, 1968</subfield></datafield><datafield ind1=" " ind2=" " tag="260"><subfield code="a">Berlin</subfield><subfield code="b">Springer-Verlag</subfield><subfield code="c">1969</subfield></datafield><datafield ind1=" " ind2=" " tag="300"><subfield code="a">290 p</subfield></datafield><datafield ind1=" " ind2=" " tag="490"><subfield code="a">Lecture Notes In Mathematics</subfield><subfield code="v">vol. 110</subfield></datafield><datafield ind1=" " ind2=" " tag="852"><subfield code="a">39830</subfield><subfield code="c">512.831</subfield></datafield><datafield ind1=" " ind2=" " tag="CAT"><subfield code="a">SYS</subfield><subfield code="c">20170118</subfield><subfield code="h">233329</subfield></datafield></record></collection>